<record><leader>00000cas a22000007a 4500</leader><controlfield tag="001">21236833</controlfield><controlfield tag="008">900319d19491952couwr ne      0    0eng d</controlfield><controlfield tag="009">9774</controlfield><datafield ind1=" " ind2=" " tag="010"><subfield code="a">sn 90051147 </subfield></datafield><datafield ind1=" " ind2=" " tag="040"><subfield code="a">CNQ</subfield><subfield code="b">eng</subfield><subfield code="c">CNQ</subfield><subfield code="d">DLC</subfield><subfield code="d">OCL</subfield><subfield code="d">OCLCQ</subfield></datafield><datafield ind1=" " ind2=" " tag="019"><subfield code="a">22191823</subfield></datafield><datafield ind1="1" ind2=" " tag="029"><subfield code="a">AU@</subfield><subfield code="b">000025850403</subfield></datafield><datafield ind1=" " ind2=" " tag="042"><subfield code="a">msc</subfield></datafield><datafield ind1="0" ind2="0" tag="245"><subfield code="a">Arkansas Valley journal, farm and ranch.</subfield></datafield><datafield ind1="3" ind2="0" tag="246"><subfield code="a">Arkansas Valley farm and ranch journal</subfield></datafield><datafield ind1=" " ind2=" " tag="260"><subfield code="a">Rocky Ford, Colo. :</subfield><subfield code="b">Arkansas Valley Journal Inc.</subfield></datafield><datafield ind1=" " ind2=" " tag="300"><subfield code="a">v.</subfield></datafield><datafield ind1=" " ind2=" " tag="310"><subfield code="a">Weekly</subfield></datafield><datafield ind1="0" ind2=" " tag="362"><subfield code="a">Vol. 1, no. 1 (Mar. 15, 1949)-v. 4, no. 38 (Nov. 27, 1952).</subfield></datafield><datafield ind1=" " ind2=" " tag="500"><subfield code="a">Published in La Junta, Colo., Nov. 9, 1950-</subfield></datafield><datafield ind1=" " ind2=" " tag="500"><subfield code="a">"Farm and ranch" appear below title in masthead.</subfield></datafield><datafield ind1=" " ind2=" " tag="530"><subfield code="a">Available on microfilm from the Colorado Historical Society.</subfield></datafield><datafield ind1=" " ind2=" " tag="752"><subfield code="a">United States</subfield><subfield code="b">Colorado</subfield><subfield code="c">Otero</subfield><subfield code="d">La Junta.</subfield></datafield><datafield ind1=" " ind2=" " tag="752"><subfield code="a">United States</subfield><subfield code="b">Colorado</subfield><subfield code="c">Otero</subfield><subfield code="d">Rocky Ford.</subfield></datafield><datafield ind1="0" ind2="0" tag="785"><subfield code="t">Arkansas Valley journal</subfield><subfield code="w">(DLC)sn 90051271</subfield></datafield></record>